@Manual{R,
  title = {R: A Language and Environment for Statistical Computing},
  author = {{R Core Team}},
  organization = {R Foundation for Statistical Computing},
  address = {Vienna, Austria},
  year = {2012},
  note = {{ISBN} 3-900051-07-0},
  url = {http://www.R-project.org/},
}

@article{ihaka:1996,
  Author = {Ihaka, Ross and Gentleman, Robert},
	Journal = {Journal of Computational and Graphical Statistics},
	Number = 3,
	Pages = {299--314},
	Title = {R: A Language for Data Analysis and Graphics},
	Volume = 5,
	Year = 1996}

@Manual{packagemetrics,
    title = {packagemetrics: Collect Metrics on Packages from CRAN, GitHub, and StackOverflow},
    author = {Sam Firke and Becca Krouse and Erin Grand and Lori Shepherd and William Ampeh and Hannah Frick},
    year = {2018},
    note = {R package version 0.0.1.9001},
    url = {https://github.com/ropenscilabs/packagemetrics},
  }

@Manual{cransearcher,
    title = {CRANsearcher: RStudio Addin for Searching Packages in CRAN Database Based on Keywords},
    author = {Becca Krouse and Agustin Calatroni},
    note = {R package version 1.0.0},
    year = {2018},
    url = {https://github.com/RhoInc/CRANsearcher},
}

  @Manual{sos,
    title = {sos: Search Contributed R Packages, Sort by Package},
    author = {Spencer Graves and Sundar Dorai-Raj and Romain Francois},
    year = {2017},
    note = {R package version 2.0-0},
    url = {https://CRAN.R-project.org/package=sos},
  }

  @Manual{rdocumentation,
    title = {RDocumentation: Integrate R with 'RDocumentation'},
    author = {Jonathan Cornelissen},
    year = {2018},
    note = {R package version 0.8.2},
    url = {https://CRAN.R-project.org/package=RDocumentation},
  }

 @Manual{packagesurvey,
    title = {packagesurvey: Survey of R Users on Package Discovery},
    author = {Julia Silge},
    note = {R package version 0.1.0},
    year = {2018},
    url = {https://github.com/juliasilge/packagesurvey},
  }
  
  @Manual{pkgdown,
    title = {pkgdown: Make Static HTML Documentation for a Package},
    author = {Hadley Wickham and Jay Hesselberth},
    year = {2018},
    note = {R package version 1.1.0},
    url = {https://CRAN.R-project.org/package=pkgdown},
  }
  
 @Manual{lfe,
  title = {{lfe}: Linear Group Fixed Effects},
  author = {Simen Gaure},
  year = {2018},
  url = {https://CRAN.R-project.org/package=lfe},
}

@Manual{lintr,
    title = {lintr: A 'Linter' for R Code},
    author = {Jim Hester},
    year = {2017},
    note = {R package version 1.0.2},
    url = {https://CRAN.R-project.org/package=lintr},
  }